<?xml version="1.0" encoding="UTF-8" ?>
<collection xmlns:xsi="http://www.w3.org/2001/XMLSchema-instance"
    xsi:schemaLocation="http://www.loc.gov/MARC21/slim
        http://www.loc.gov/standards/marcxml/schema/MARC21slim.xsd"
    xmlns="http://www.loc.gov/MARC21/slim">
<record>
  <leader>00257cam a2200493 i 4500</leader>
  <controlfield tag="001">b12520093</controlfield>
  <controlfield tag="003">LeBAU</controlfield>
  <controlfield tag="005">20180816</controlfield>
  <controlfield tag="008">970715s1949    ua a     b    ||1 pdara d</controlfield>
  <datafield tag="035" ind1=" " ind2=" ">
    <subfield code="a">ocn784376681</subfield>
  </datafield>
  <datafield tag="040" ind1=" " ind2=" ">
    <subfield code="a">LEAUB</subfield>
    <subfield code="b">ara</subfield>
    <subfield code="e">rda</subfield>
    <subfield code="c">LEAUB</subfield>
    <subfield code="d">LEAUB</subfield>
  </datafield>
  <datafield tag="041" ind1="1" ind2=" ">
    <subfield code="a">ara</subfield>
    <subfield code="h">lat</subfield>
  </datafield>
  <datafield tag="082" ind1="0" ind2="4">
    <subfield code="a">873.1</subfield>
    <subfield code="2">20</subfield>
  </datafield>
  <datafield tag="100" ind1="0" ind2=" ">
    <subfield code="6">880-01</subfield>
    <subfield code="a">Virgil,</subfield>
    <subfield code="e">author.</subfield>
  </datafield>
  <datafield tag="245" ind1="1" ind2="0">
    <subfield code="6">880-02</subfield>
    <subfield code="a">Anāshīd al-ruʻah li-Virgīl /</subfield>
    <subfield code="b">Eclogae /</subfield>
    <subfield code="c">Amīn Salāmah.</subfield>
  </datafield>
  <datafield tag="246" ind1="3" ind2="1">
    <subfield code="a">Eclogae</subfield>
  </datafield>
  <datafield tag="264" ind1=" " ind2="1">
    <subfield code="6">880-03</subfield>
    <subfield code="a">Miṣr :</subfield>
    <subfield code="b">Dār al-Fikr al-ʻArabī,</subfield>
    <subfield code="c">1949.</subfield>
  </datafield>
  <datafield tag="300" ind1=" " ind2=" ">
    <subfield code="6">880-04</subfield>
    <subfield code="a">[a]-z, 190 pages :</subfield>
    <subfield code="b">illustrations ;</subfield>
    <subfield code="c">19 cm</subfield>
  </datafield>
  <datafield tag="336" ind1=" " ind2=" ">
    <subfield code="a">text</subfield>
    <subfield code="b">txt</subfield>
    <subfield code="2">rdacontent</subfield>
  </datafield>
  <datafield tag="337" ind1=" " ind2=" ">
    <subfield code="a">unmediated</subfield>
    <subfield code="b">n</subfield>
    <subfield code="2">rdamedia</subfield>
  </datafield>
  <datafield tag="338" ind1=" " ind2=" ">
    <subfield code="a">volume</subfield>
    <subfield code="b">nc</subfield>
    <subfield code="2">rdacarrier</subfield>
  </datafield>
  <datafield tag="500" ind1=" " ind2=" ">
    <subfield code="a">يتضمن كشاف.</subfield>
  </datafield>
  <datafield tag="500" ind1=" " ind2=" ">
    <subfield code="a">"الإسم اللاتيني المرادف لأناشيد الرعاة هو ECLOGAE او BUCOLICA."--صفحة[د]</subfield>
  </datafield>
  <datafield tag="504" ind1=" " ind2=" ">
    <subfield code="a">ببليوغرافيا: صفحات 149-166.</subfield>
  </datafield>
  <datafield tag="546" ind1=" " ind2=" ">
    <subfield code="a">النص بالعربية واللاتينية.</subfield>
  </datafield>
  <datafield tag="600" ind1="0" ind2="0">
    <subfield code="a">ڤرچيل.</subfield>
  </datafield>
  <datafield tag="600" ind1="0" ind2="0">
    <subfield code="a">Virgil.</subfield>
  </datafield>
  <datafield tag="650" ind1=" " ind2="4">
    <subfield code="a">الشعر اللاتيني</subfield>
    <subfield code="v">ترجمات الى العربية.</subfield>
  </datafield>
  <datafield tag="650" ind1=" " ind2="0">
    <subfield code="a">Latin Poetry</subfield>
    <subfield code="v">Translations into Arabic.</subfield>
  </datafield>
  <datafield tag="655" ind1=" " ind2="4">
    <subfield code="a">شعر.</subfield>
  </datafield>
  <datafield tag="655" ind1=" " ind2="0">
    <subfield code="a">Poetry.</subfield>
  </datafield>
  <datafield tag="700" ind1="1" ind2=" ">
    <subfield code="6">880-05</subfield>
    <subfield code="a">Salāmah, Amīn,</subfield>
    <subfield code="e">compiler.</subfield>
  </datafield>
  <datafield tag="740" ind1="0" ind2="2">
    <subfield code="a">Bucolica.</subfield>
  </datafield>
  <datafield tag="852" ind1=" " ind2=" ">
    <subfield code="a">Jafet Library</subfield>
    <subfield code="e">American University of Beirut, Bliss Street, Beirut, Lebanon.‎</subfield>
  </datafield>
  <datafield tag="880" ind1="0" ind2=" ">
    <subfield code="6">100-01/(3/r</subfield>
    <subfield code="a">ڤرچيل،</subfield>
    <subfield code="e">مؤلف. </subfield>
    <subfield code="4">aut.</subfield>
  </datafield>
  <datafield tag="880" ind1="1" ind2="0">
    <subfield code="6">245-02/(3/r</subfield>
    <subfield code="a">أناشيد الرعاة لڤرچيل =</subfield>
    <subfield code="c">أمين سلامة.</subfield>
  </datafield>
  <datafield tag="880" ind1=" " ind2="1">
    <subfield code="6">264-03/(3/r</subfield>
    <subfield code="a">مصر :</subfield>
    <subfield code="b">دار الفكر العربي،</subfield>
    <subfield code="c">1949.</subfield>
  </datafield>
  <datafield tag="880" ind1=" " ind2=" ">
    <subfield code="6">300-04/(3/r</subfield>
    <subfield code="a">[ا]-ز، 190 صفحة :</subfield>
    <subfield code="b">مصورات ؛</subfield>
    <subfield code="c">19 سم</subfield>
  </datafield>
  <datafield tag="880" ind1="1" ind2=" ">
    <subfield code="6">700-05/(3/r</subfield>
    <subfield code="a">سلامة، امين،</subfield>
    <subfield code="e">معد. </subfield>
    <subfield code="4">com.</subfield>
  </datafield>
  <datafield tag="907" ind1=" " ind2=" ">
    <subfield code="a">.b12520093</subfield>
    <subfield code="b">18-09-17</subfield>
    <subfield code="c">11-05-24</subfield>
  </datafield>
  <datafield tag="907" ind1=" " ind2=" ">
    <subfield code="a">.b12520093</subfield>
    <subfield code="b">15-10-15</subfield>
    <subfield code="c">11-05-24</subfield>
  </datafield>
  <datafield tag="945" ind1=" " ind2=" ">
    <subfield code="f">J</subfield>
    <subfield code="a">873.1:V49eA:c.1</subfield>
    <subfield code="i">01031604</subfield>
    <subfield code="j">.i13018814</subfield>
    <subfield code="l">u0503</subfield>
  </datafield>
  <datafield tag="945" ind1=" " ind2=" ">
    <subfield code="f">J</subfield>
    <subfield code="a">873.1:V49eA:c.2</subfield>
    <subfield code="i">01031605</subfield>
    <subfield code="j">.i13018826</subfield>
    <subfield code="l">u0503</subfield>
  </datafield>
  <datafield tag="998" ind1=" " ind2=" ">
    <subfield code="a">u05</subfield>
    <subfield code="b">97-07-15</subfield>
    <subfield code="c">m</subfield>
    <subfield code="d">a  </subfield>
    <subfield code="e">-</subfield>
    <subfield code="f">ara</subfield>
    <subfield code="g">ua </subfield>
    <subfield code="h">0</subfield>
    <subfield code="i">2</subfield>
  </datafield>
</record>
</collection>
